#############################################
Dialogue systems
#############################################

@inproceedings{raux2006,
  title={Doing research on a deployed spoken dialogue system: one year of let's go! experience.},
  author={Raux, Antoine and Bohus, Dan and Langner, Brian and Black, Alan W and Eskenazi, Maxine},
  booktitle={INTERSPEECH},
  year={2006}
}

@inproceedings{ward2005,
  title={Root Causes of Lost Time and User Stress in a Simple Dialog System},
  author={Ward, Nigel G and Rivera, Anais G and Ward, Karen and Novick, David G},
  booktitle={Ninth European Conference on Speech Communication and Technology},
  year={2005}
}

@inproceedings{pieraccini2005,
  title={Where do we go from here? Research and commercial spoken dialog systems},
  author={Pieraccini, Roberto and Huerta, Juan},
  booktitle={6th SIGdial Workshop on Discourse and Dialogue},
  year={2005}
}


#############################################
Behavioural entrainment
#############################################

@article{burgoon1995interpersonal,
  title={Interpersonal adaptation: Dyadic interaction patterns.},
  author={Burgoon, Judee K and Stern, Lesa A and Dillman, Leesa},
  year={1995},
  publisher={Cambridge University Press}
}

@article{BRE1996,
  title={Lexical entrainment in spontaneous dialog},
  author={Brennan, Susan E},
  journal={Proceedings of ISSD},
  volume={96},
  pages={41--44},
  year={1996}
}

@article{CHAR1999,
  title={The chameleon effect: the perception--behavior link and social interaction.},
  author={Chartrand, Tanya L and Bargh, John A},
  journal={Journal of personality and social psychology},
  volume={76},
  number={6},
  pages={893},
  year={1999},
  publisher={American Psychological Association}
}

@inproceedings{REI2006,
  title={Computational modelling of structural priming in dialogue},
  author={Reitter, David and Keller, Frank and Moore, Johanna D},
  booktitle={Proceedings of the Human Language Technology Conference of the NAACL, Companion Volume: Short Papers},
  pages={121--124},
  year={2006},
  organization={Association for Computational Linguistics}
}

#############################################
TAMA
#############################################

@article{KOU2008,
  title={Towards measuring continuous acoustic feature convergence in unconstrained spoken dialogues},
  author={Kousidis, Spyros and Dorran, David and Wang, Yi and Vaughan, Brian and Cullen, Charlie and Campbell, Dermot and McDonnell, Ciaran and Coyle, Eugene},
  year={2008},
  publisher={Dublin Institute of Technology}
}
@inproceedings{KOU2008.2,
  title={Times series analysis of acoustic feature convergence in human dialogues},
  author={Kousidis, Spyros and Dorran, David and McDonnell, Ciaran and Coyle, Eugene},
  booktitle={Proceedings of Interspeech},
  year={2008}
}
#############################################
Other Entrainment measuring Methods
#############################################

@article{DEL2013,
  title={Investigating automatic measurements of prosodic accommodation and its dynamics in social interaction},
  author={De Looze, C{\'e}line and Scherer, Stefan and Vaughan, Brian and Campbell, Nick},
  journal={Speech Communication},
  volume={58},
  pages={11--34},
  year={2014},
  publisher={Elsevier}
}

@article{levitan2011measuring,
  title={Measuring acoustic-prosodic entrainment with respect to multiple levels and dimensions},
  author={Levitan, Rivka and Hirschberg, Julia Bell},
  year={2011}
}

@inproceedings{LEV2012,
  title={Acoustic-prosodic entrainment and social behavior},
  author={Levitan, Rivka and Gravano, Agust{\'\i}n and Willson, Laura and Benus, Stefan and Hirschberg, Julia and Nenkova, Ani},
  booktitle={Proceedings of the 2012 Conference of the North American Chapter of the Association for Computational Linguistics: Human language technologies},
  pages={11--19},
  year={2012},
  organization={Association for Computational Linguistics}
}

@inproceedings{nenkova2008,
  title={High frequency word entrainment in spoken dialogue},
  author={Nenkova, Ani and Gravano, Agust{\'\i}n and Hirschberg, Julia},
  booktitle={Proceedings of the 46th annual meeting of the association for computational linguistics on human language technologies: Short papers},
  pages={169--172},
  year={2008},
  organization={Association for Computational Linguistics}
}


#############################################
Disentrainment
#############################################

@inproceedings{gravano2015backward,
  title={Backward mimicry and forward influence in prosodic contour choice in Standard American English},
  author={Gravano, Agust{\i}n and Benu{\v{s}}, {\v{S}}tefan and Levitan, Rivka and Hirschberg, Julia},
  booktitle={Sixteenth Annual Conference of the International Speech Communication Association},
  year={2015}
}

@inproceedings{levitan2015acoustic,
  title={Acoustic-prosodic entrainment in Slovak, Spanish, English and Chinese: A cross-linguistic comparison},
  author={Levitan, Rivka and Benu{\v{s}}, {\v{S}}tefan and Gravano, Agust{\i}n and Hirschberg, Julia},
  booktitle={16th Annual Meeting of the Special Interest Group on Discourse and Dialogue},
  pages={325},
  year={2015}
}

@article{healey2014divergence,
  title={Divergence in dialogue},
  author={Healey, Patrick GT and Purver, Matthew and Howes, Christine},
  journal={PloS one},
  volume={9},
  number={6},
  pages={e98598},
  year={2014},
  publisher={Public Library of Science}
}

@article{bourhis1973language,
  title={Language as a determinant of Welsh identity},
  author={Bourhis, Richard Y and Giles, Howard and Tajfel, Henri},
  journal={European Journal of Social Psychology},
  volume={3},
  number={4},
  pages={447--460},
  year={1973},
  publisher={Wiley Online Library}
}

@inproceedings{dabbs1969similarity,
  title={Similarity of gestures and interpersonal influence.},
  author={Dabbs Jr, James M},
  booktitle={Proceedings of the annual convention of the American Psychological Association},
  year={1969},
  organization={American Psychological Association}
}

#############################################
Time series books
#############################################

@book{CHATFIELD,
  title={The analysis of time series: an introduction},
  author={Chatfield, Chris},
  year={2013},
  publisher={CRC press}
}

#############################################
Econometric Books
#############################################

@article{gujarati1999,
  title={Essentials of econometrics},
  author={Gujarati, Damodar N and Porter, Dawn C},
  year={1999},
  publisher={McGraw-Hill New York, NY}
}

#############################################
Other
#############################################


@book{GRAV2009,
  title={Turn-taking and affirmative cue words in task-oriented dialogue},
  author={Gravano, Agustin},
  year={2009},
  publisher={Columbia University}
}

@inproceedings{pitrelli1994evaluation,
  title={Evaluation of prosodic transcription labeling reliability in the tobi framework.},
  author={Pitrelli, John F and Beckman, Mary E and Hirschberg, Julia},
  booktitle={ICSLP},
  year={1994}
}